@article{Morley2020,
    title = {The ethics of AI in health care: A mapping review},
    journal = {Social Science & Medicine},
    volume = {260},
    pages = {113172},
    year = {2020},
    issn = {0277-9536},
    doi = {https://doi.org/10.1016/j.socscimed.2020.113172},
    url = {https://www.sciencedirect.com/science/article/pii/S0277953620303919},
    author = {Jessica Morley and Caio C.V. Machado and Christopher Burr and Josh Cowls and Indra Joshi and Mariarosaria Taddeo and Luciano Floridi},
}
